%% This BibTeX bibliography file was created using BibDesk.
%% http://bibdesk.sourceforge.net/


%% Created for Juliane Mueller at 2016-12-13 16:11:11 -0800 


%% Saved with string encoding Unicode (UTF-8) 



@inproceedings{Deb2000,
	Author = {Deb, K. and Agrawal, S. and  Pratap, A. and Meyarivan, T.},
	Booktitle = {International Conference on Parallel Problem Solving from Nature},
	Date-Added = {2016-12-14 00:05:51 +0000},
	Date-Modified = {2016-12-14 00:11:11 +0000},
	Pages = {849-858},
	Title = {A Fast Elitist Non-dominated Sorting Genetic Algorithm for Multi-objective Optimization: {NSGA}-{II}},
	Year = {2000}}
